<?xml version="1.0" encoding="UTF-8"?><record xmlns="http://www.loc.gov/MARC21/slim" xmlns:cinclude="http://apache.org/cocoon/include/1.0" xmlns:zs="http://www.loc.gov/zing/srw/">
  <leader>00523cz  a2200145n  4500</leader>
  <controlfield tag="001">no2009192993</controlfield>
  <controlfield tag="003">DLC</controlfield>
  <controlfield tag="005">20091205075417.0</controlfield>
  <controlfield tag="008">091202n| acannaabn          |a ana      </controlfield>
  <datafield tag="010" ind1=" " ind2=" ">
    <subfield code="a">no2009192993</subfield>
  </datafield>
  <datafield tag="035" ind1=" " ind2=" ">
    <subfield code="a">(OCoLC)oca08323586</subfield>
  </datafield>
  <datafield tag="040" ind1=" " ind2=" ">
    <subfield code="a">DLC-S</subfield>
    <subfield code="b">eng</subfield>
    <subfield code="c">DLC-S</subfield>
    <subfield code="d">DLC</subfield>
  </datafield>
  <datafield tag="110" ind1="1" ind2=" ">
    <subfield code="a">Jawa Tengah (Indonesia).</subfield>
    <subfield code="b">Badan Informasi Komunikasi dan Kehumasan</subfield>
  </datafield>
  <datafield tag="410" ind1="2" ind2=" ">
    <subfield code="a">BIKK</subfield>
  </datafield>
  <datafield tag="670" ind1=" " ind2=" ">
    <subfield code="a">Himpunan dialog interaktif melalui media elektronik, th. 2006:</subfield>
    <subfield code="b">t.p. (Badan Informasi Komunikasi dan Kehumasan, Pemerintah Provinsi Jawa Tengah; BIKK)</subfield>
  </datafield>
</record>